@misc{boujon_2019,
title={How to list the most common words from text corpus using Scikit-Learn?},
url={https://medium.com/@cristhianboujon/how-to-list-the-most-common-words-from-text-corpus-using-scikit-learn-dad4d0cab41d},
journal={Medium},
publisher={Medium},
author={Boujon, Cristhian},
year={2019},
month={Sep}}

@misc{tfdYB,
title={Token Frequency Distribution¶},
url={https://www.scikit-yb.org/en/latest/api/text/freqdist.html},
journal={Token Frequency Distribution - Yellowbrick v1.0.1 documentation}}

@misc{sk_ttsplit,
title={sklearn.model_selection.train_test_split¶},
url={https://scikit-learn.org/stable/modules/generated/sklearn.model_selection.train_test_split.html},
journal={scikit}}

@misc{skMetric, title={sklearn.metrics.precision_recall_fscore_support¶}, url={https://scikit-learn.org/stable/modules/generated/sklearn.metrics.precision_recall_fscore_support.html#sklearn.metrics.precision_recall_fscore_support}, journal={scikit}}

@misc{skcntVect, title={sklearn.feature_extraction.text.CountVectorizer¶}, url={https://scikit-learn.org/stable/modules/generated/sklearn.feature_extraction.text.CountVectorizer.html#sklearn.feature_extraction.text.CountVectorizer}, journal={scikit}}<Paste>
